@logistic{logistic,
	author =	"Che. Lin Huang",
	title	 =	"Twitter Sentiment Analysis",
	organization =	"UCSD",
	edition  = "latest"}

@gbm{gbm,
	author =	"{Vasileios Athanasiou}",
	title	 =	"{A Novel, Gradient Boosting Framework for Sentiment
Analysis in Languages}",
	organization =	"University of the Aegean",
	edition  = "latest",
	note      = "See also URL www.mdpi.com/1999-4893/10/1/34/pdf"}